<?xml version="1.0" encoding="UTF-8"?><collection xmlns="http://www.loc.gov/MARC21/slim"><record><leader>00487nam--2200133-i-4500</leader><controlfield tag="001">000033918</controlfield><controlfield tag="002">20161230</controlfield><controlfield tag="005">20161230201039</controlfield><controlfield tag="008">060222s1000------------r-----000-0-eng-d</controlfield><datafield ind1=" " ind2=" " tag="080"><subfield code="a">547(043)</subfield></datafield><datafield ind1=" " ind2=" " tag="100"><subfield code="a">Morpain, Claude</subfield></datafield><datafield ind1=" " ind2=" " tag="245"><subfield code="a">Synthese de clycerides chiraux. contribution a l`etude de la regio-et de la stereoselectivite lors des reactions de benzoates d`argent sur les diesters   et   iodes du glycerol. these</subfield></datafield><datafield ind1=" " ind2=" " tag="260"><subfield code="a">Paris, L`Univ.De Franche-comte, 1982, 251p</subfield></datafield><datafield ind1=" " ind2=" " tag="852"><subfield code="a">72424</subfield></datafield></record></collection>